%%% ====================================================================
%%%  BibTeX-file{
%%%     author          = "Gerry Murray",
%%%     version         = "1.2",
%%%     date            = "2 April 2012",
%%%     filename        = "acmsmall-sample-bibfile.bib",
%%%     address         = "ACM, NY",
%%%     email           = "murray at hq.acm.org",
%%%     codetable       = "ISO/ASCII",
%%%     keywords        = "ACM Reference Format, bibliography, citation, references",
%%%     supported       = "yes",
%%%     docstring       = "This BibTeX database file contains 'bibdata' entries
%%%                        that 'match' the examples provided in the Specifications Document
%%%                        AND, also, 'legacy'-type bibs. It should assist authors in 
%%%                        choosing the 'correct' at-bibtype and necessary bib-fields
%%%                        so as to obtain the appropriate ACM Reference Format output. 
%%%			   It also contains many 'Standard Abbreviations'. "
%%%  }
%%% ====================================================================

% Journals

% First the Full Name is given, then the abbreviation used in the AMS Math
% Reviews, with an indication if it could not be found there.
% Note the 2nd overwrites the 1st, so swap them if you want the full name.

%{AMS}
@String{AMSTrans = "American Mathematical Society Translations" }
@String{AMSTrans = "Amer. Math. Soc. Transl." }
@String{BullAMS = "Bulletin of the American Mathematical Society" }
@String{BullAMS = "Bull. Amer. Math. Soc." }
@String{ProcAMS = "Proceedings of the American Mathematical Society" }
@String{ProcAMS = "Proc. Amer. Math. Soc." }
@String{TransAMS = "Transactions of the American Mathematical Society" }
@String{TransAMS = "Trans. Amer. Math. Soc." }

%ACM
@String{CACM = "Communications of the {ACM}" }
@String{CACM = "Commun. {ACM}" }
@String{CompServ = "Comput. Surveys" }
@String{JACM = "J. ACM" }
@String{ACMMathSoft = "{ACM} Transactions on Mathematical Software" }
@String{ACMMathSoft = "{ACM} Trans. Math. Software" }
@String{SIGNUM = "{ACM} {SIGNUM} Newsletter" }
@String{SIGNUM = "{ACM} {SIGNUM} Newslett." }

@String{AmerSocio = "American Journal of Sociology" }
@String{AmerStatAssoc = "Journal of the American Statistical Association" }
@String{AmerStatAssoc = "J. Amer. Statist. Assoc." }
@String{ApplMathComp = "Applied Mathematics and Computation" }
@String{ApplMathComp = "Appl. Math. Comput." }
@String{AmerMathMonthly = "American Mathematical Monthly" }
@String{AmerMathMonthly = "Amer. Math. Monthly" }
@String{BIT = "{BIT}" }
@String{BritStatPsych = "British Journal of Mathematical and Statistical
    Psychology" }
@String{BritStatPsych = "Brit. J. Math. Statist. Psych." }
@String{CanMathBull = "Canadian Mathematical Bulletin" }
@String{CanMathBull = "Canad. Math. Bull." }
@String{CompApplMath = "Journal of Computational and Applied Mathematics" }
@String{CompApplMath = "J. Comput. Appl. Math." }
@String{CompPhys = "Journal of Computational Physics" }
@String{CompPhys = "J. Comput. Phys." }
@String{CompStruct = "Computers and Structures" }
@String{CompStruct = "Comput. \& Structures" }
@String{CompJour = "The Computer Journal" }
@String{CompJour = "Comput. J." }
@String{CompSysSci = "Journal of Computer and System Sciences" }
@String{CompSysSci = "J. Comput. System Sci." }
@String{Computing = "Computing" }
@String{ContempMath = "Contemporary Mathematics" }
@String{ContempMath = "Contemp. Math." }
@String{Crelle = "Crelle's Journal" }
@String{GiornaleMath = "Giornale di Mathematiche" }
@String{GiornaleMath = "Giorn. Mat." } % didn't find in AMS MR., ibid.

%IEEE
@String{Computer = "{IEEE} Computer" }
@String{IEEETransComp = "{IEEE} Transactions on Computers" }
@String{IEEETransComp = "{IEEE} Trans. Comput." }
@String{IEEETransAC = "{IEEE} Transactions on Automatic Control" }
@String{IEEETransAC = "{IEEE} Trans. Automat. Control" }
@String{IEEESpec = "{IEEE} Spectrum" } % didn't find in AMS MR
@String{ProcIEEE = "Proceedings of the {IEEE}" }
@String{ProcIEEE = "Proc. {IEEE}" } % didn't find in AMS MR
@String{IEEETransAeroElec = "{IEEE} Transactions on Aerospace and Electronic
Systems" }
@String{IEEETransAeroElec = "{IEEE} Trans. Aerospace Electron. Systems" }

@String{IMANumerAna = "{IMA} Journal of Numerical Analysis" }
@String{IMANumerAna = "{IMA} J. Numer. Anal." }
@String{InfProcLet = "Information Processing Letters" }
@String{InfProcLet = "Inform. Process. Lett." }
@String{InstMathApp = "Journal of the Institute of Mathematics and
    its Applications" }
@String{InstMathApp = "J. Inst. Math. Appl." }
@String{IntControl = "International Journal of Control" }
@String{IntControl = "Internat. J. Control" }
@String{IntNumerEng = "International Journal for Numerical Methods in
    Engineering" }
@String{IntNumerEng = "Internat. J. Numer. Methods Engrg." }
@String{IntSuper = "International Journal of Supercomputing Applications" }
@String{IntSuper = "Internat. J. Supercomputing Applic." } % didn't find
%% in AMS MR
@String{Kibernetika = "Kibernetika" }
@String{JResNatBurStand = "Journal of Research of the National Bureau
    of Standards" }
@String{JResNatBurStand = "J. Res. Nat. Bur. Standards" }
@String{LinAlgApp = "Linear Algebra and its Applications" }
@String{LinAlgApp = "Linear Algebra Appl." }
@String{MathAnaAppl = "Journal of Mathematical Analysis and Applications" }
@String{MathAnaAppl = "J. Math. Anal. Appl." }
@String{MathAnnalen = "Mathematische Annalen" }
@String{MathAnnalen = "Math. Ann." }
@String{MathPhys = "Journal of Mathematical Physics" }
@String{MathPhys = "J. Math. Phys." }
@String{MathComp = "Mathematics of Computation" }
@String{MathComp = "Math. Comp." }
@String{MathScand = "Mathematica Scandinavica" }
@String{MathScand = "Math. Scand." }
@String{TablesAidsComp = "Mathematical Tables and Other Aids to Computation" }
@String{TablesAidsComp = "Math. Tables Aids Comput." }
@String{NumerMath = "Numerische Mathematik" }
@String{NumerMath = "Numer. Math." }
@String{PacificMath = "Pacific Journal of Mathematics" }
@String{PacificMath = "Pacific J. Math." }
@String{ParDistComp = "Journal of Parallel and Distributed Computing" }
@String{ParDistComp = "J. Parallel and Distrib. Comput." } % didn't find
%% in AMS MR
@String{ParComputing = "Parallel Computing" }
@String{ParComputing = "Parallel Comput." }
@String{PhilMag = "Philosophical Magazine" }
@String{PhilMag = "Philos. Mag." }
@String{ProcNAS = "Proceedings of the National Academy of Sciences
    of the USA" }
@String{ProcNAS = "Proc. Nat. Acad. Sci. U. S. A." }
@String{Psychometrika = "Psychometrika" }
@String{QuartMath = "Quarterly Journal of Mathematics, Oxford, Series (2)" }
@String{QuartMath = "Quart. J. Math. Oxford Ser. (2)" }
@String{QuartApplMath = "Quarterly of Applied Mathematics" }
@String{QuartApplMath = "Quart. Appl. Math." }
@String{RevueInstStat = "Review of the International Statisical Institute" }
@String{RevueInstStat = "Rev. Inst. Internat. Statist." }

%SIAM
@String{JSIAM = "Journal of the Society for Industrial and Applied
    Mathematics" }
@String{JSIAM = "J. Soc. Indust. Appl. Math." }
@String{JSIAMB = "Journal of the Society for Industrial and Applied
    Mathematics, Series B, Numerical Analysis" }
@String{JSIAMB = "J. Soc. Indust. Appl. Math. Ser. B Numer. Anal." }
@String{SIAMAlgMeth = "{SIAM} Journal on Algebraic and Discrete Methods" }
@String{SIAMAlgMeth = "{SIAM} J. Algebraic Discrete Methods" }
@String{SIAMAppMath = "{SIAM} Journal on Applied Mathematics" }
@String{SIAMAppMath = "{SIAM} J. Appl. Math." }
@String{SIAMComp = "{SIAM} Journal on Computing" }
@String{SIAMComp = "{SIAM} J. Comput." }
@String{SIAMMatrix = "{SIAM} Journal on Matrix Analysis and Applications" }
@String{SIAMMatrix = "{SIAM} J. Matrix Anal. Appl." }
@String{SIAMNumAnal = "{SIAM} Journal on Numerical Analysis" }
@String{SIAMNumAnal = "{SIAM} J. Numer. Anal." }
@String{SIAMReview = "{SIAM} Review" }
@String{SIAMReview = "{SIAM} Rev." }
@String{SIAMSciStat = "{SIAM} Journal on Scientific and Statistical
Computing" }
@String{SIAMSciStat = "{SIAM} J. Sci. Statist. Comput." }

@String{SoftPracExp = "Software Practice and Experience" }
@String{SoftPracExp = "Software Prac. Experience" } % didn't find in AMS MR
@String{StatScience = "Statistical Science" }
@String{StatScience = "Statist. Sci." }
@String{Techno = "Technometrics" }
@String{USSRCompMathPhys = "{USSR} Computational Mathematics and Mathematical
Physics" }
@String{USSRCompMathPhys = "{U. S. S. R.} Comput. Math. and Math. Phys." }
@String{VLSICompSys = "Journal of {VLSI} and Computer Systems" }
@String{VLSICompSys = "J. {VLSI} Comput. Syst." }
@String{ZAngewMathMech = "Zeitschrift fur Angewandte Mathematik und
    Mechanik" }
@String{ZAngewMathMech = "Z. Angew. Math. Mech." }
@String{ZAngewMathPhys = "Zeitschrift fur Angewandte Mathematik und Physik" }
@String{ZAngewMathPhys = "Z. Angew. Math. Phys." }

% Publishers % ================================================= |

@String{Academic = "Academic Press" }
@String{ACMPress = "{ACM} Press" }
@String{AdamHilger = "Adam Hilger" }
@String{AddisonWesley = "Addison-Wesley" }
@String{AllynBacon = "Allyn and Bacon" }
@String{AMS = "American Mathematical Society" }
@String{Birkhauser = "Birkha{\"u}ser" }
@String{CambridgePress = "Cambridge University Press" }
@String{Chelsea = "Chelsea" }
@String{ClaredonPress = "Claredon Press" }
@String{DoverPub = "Dover Publications" }
@String{Eyolles = "Eyolles" }
@String{HoltRinehartWinston = "Holt, Rinehart and Winston" }
@String{Interscience = "Interscience" }
@String{JohnsHopkinsPress = "The Johns Hopkins University Press" }
@String{JohnWileySons = "John Wiley and Sons" }
@String{Macmillan = "Macmillan" }
@String{MathWorks = "The Math Works Inc." }
@String{McGrawHill = "McGraw-Hill" }
@String{NatBurStd = "National Bureau of Standards" }
@String{NorthHolland = "North-Holland" }
@String{OxfordPress = "Oxford University Press" }  %address Oxford or London?
@String{PergamonPress = "Pergamon Press" }
@String{PlenumPress = "Plenum Press" }
@String{PrenticeHall = "Prentice-Hall" }
@String{SIAMPub = "{SIAM} Publications" }
@String{Springer = "Springer-Verlag" }
@String{TexasPress = "University of Texas Press" }
@String{VanNostrand = "Van Nostrand" }
@String{WHFreeman = "W. H. Freeman and Co." }

% ENTRIES:

@inproceedings{Ha:TowardsWearableCogAssist,
    author = {K. Ha and Z. Chen and W. Hu and W. Richter and P. Pillai and M. Satyanarayanan},
    title = {Towards Wearable Cognitive Assistance},
    booktitle = {Proceedings of the 12th Annual International Conference on Mobile Systems, Applications, and Services},
    series = {MobiSys '14},
    year = {2014},
    isbn = {978-1-4503-2793-0},
    location = {Bretton Woods, New Hampshire, USA},
    pages = {68--81},
    numpages = {14},
    url = {http://doi.acm.org/10.1145/2594368.2594383},
    doi = {10.1145/2594368.2594383},
    acmid = {2594383},
    publisher = {ACM},
    address = {New York, NY, USA},
    keywords = {cloud computing, cloud offload, cloudlet, cyber foraging, google glass, mobile computing, virtual machine, wearable computing},
}

@inproceedings{Chen:EarlyImplementation,
    author = {Z. Chen and L Jiang and W. Hu and K. Ha and B. Amos and P. Pillai and A. Hauptmann and M. Satyanarayanan},
    title = {Early Implementation Experience with Wearable Cognitive Assistance Applications},
    booktitle = {Proceedings of the 2015 Workshop on Wearable Systems and Applications},
    series = {WearSys '15},
    year = {2015},
    isbn = {978-1-4503-3500-3},
    location = {Florence, Italy},
    pages = {33--38},
    numpages = {6},
    url = {http://doi.acm.org/10.1145/2753509.2753517},
    doi = {10.1145/2753509.2753517},
    acmid = {2753517},
    publisher = {ACM},
    address = {New York, NY, USA},
    keywords = {cloud computing, cloud offload, cloudlet, cognitive assistance, computer vision, cyber foraging, gabriel, mobile computing, offload shaping, virtual machine, wearable computing},
}



@inproceedings{Chen:AnEmpiricalStudyOfLatency,
    author = {Z. Chen and W. Hu and J. Wang and S. Zhao and B. Amos and G. Wu and K. Ha and K. Elgazzar and P. Pillai and R. Klatzky and D. Siewiorek and M. Satyanarayanan},
    title = {An Empirical Study of Latency in an Emerging Class of Edge Computing Applications for Wearable Cognitive Assistance},
    booktitle = {Proceedings of the Second ACM/IEEE Symposium on Edge Computing},
    series = {SEC '17},
    year = {2017},
    isbn = {978-1-4503-5087-7},
    location = {San Jose, California},
    pages = {14:1--14:14},
    articleno = {14},
    numpages = {14},
    url = {http://doi.acm.org/10.1145/3132211.3134458},
    doi = {10.1145/3132211.3134458},
    acmid = {3134458},
    publisher = {ACM},
    address = {New York, NY, USA},
    keywords = {augmented reality, cloud computing, cloudlet, edge computing, hololens, mobile computing, smart glass},
}

@article{satya2009case,
    title={The case for vm-based cloudlets in mobile computing},
    author={M. Satyanarayanan and P. Bahl and R. Caceres and N. Davies},
    journal={IEEE Pervasive Computing},
    volume={8},
    number={4},
    year={2009},
    publisher={IEEE}
}

@article{flinn2012cyber,
    title={Cyber foraging: Bridging mobile and cloud computing},
    author={J. Flinn},
    journal={Synthesis Lectures on Mobile and Pervasive Computing},
    volume={7},
    number={2},
    pages={1--103},
    year={2012},
    publisher={Morgan \& Claypool Publishers}
}

@inproceedings{Chatzopoulos:Hyperion,
    author = {D. Chatzopoulos and C. Bermejo and Z. Huang and A. Butabayeva and R. Zheng and M. Golkarifard and P. Hui},
    title = {Hyperion: A Wearable Augmented Reality System for Text Extraction and Manipulation in the Air},
    booktitle = {Proceedings of the 8th ACM on Multimedia Systems Conference},
    series = {MMSys'17},
    year = {2017},
    isbn = {978-1-4503-5002-0},
    location = {Taipei, Taiwan},
    pages = {284--295},
    numpages = {12},
    url = {http://doi.acm.org/10.1145/3083187.3084017},
    doi = {10.1145/3083187.3084017},
    acmid = {3084017},
    publisher = {ACM},
    address = {New York, NY, USA},
    keywords = {AR, Google Glass, WAR, offloading, smart-glass, wearable},
}

@INPROCEEDINGS{Sasaki:2016,
    author={K. Sasaki and N. Suzuki and S. Makido and A. Nakao},
    booktitle={2016 55th Annual Conference of the Society of Instrument and Control Engineers of Japan (SICE)},
    title={Vehicle control system coordinated between cloud and mobile edge computing},
    year={2016},
    volume={},
    number={},
    pages={1122-1127},
    keywords={automobiles;cloud computing;control engineering computing;intelligent transportation systems;mobile computing;resource allocation;road accidents;road safety;stability;trajectory control;cloud computing;mobile edge computing;autonomous driving;cloud-based vehicle control system;MEC;ITS;next generation mobile network;edge servers;data processing;computational resource allocation;dynamic resource allocation;infrastructure-based vehicle control system;cloud servers;safe driving;microcars;stability;latency fluctuation;car accidents;driving trajectory;intelligent transportation system;Vehicles;Servers;Cloud computing;Trajectory;Sensors;Mobile communication;Autonomous Driving;Network Virtualization;Mobile-Edge Computing},
    doi={10.1109/SICE.2016.7749210},
    ISSN={},
    month={Sept},}

@INPROCEEDINGS{Sasaki:2017,
    author={K. Sasaki and N. Suzuki and S. Makido and A. Nakao},
    booktitle={2017 IEEE Conference on Network Softwarization (NetSoft)},
    title={Layered vehicle control system coordinated between multiple edge servers},
    year={2017},
    volume={},
    number={},
    pages={1-5},
    keywords={5G mobile communication;cloud computing;control engineering computing;mobile computing;network servers;road vehicles;stability;telecontrol;layered vehicle control system;multiple edge servers;remote vehicle control;mobile edge computing;MEC;vehicle control performance;cloud servers;computational resource suppression;Internet;layered vehicle control architecture;upper edge server;lower edge server;UpES;LowES;network delay;Japanese network model;vehicle control stability evaluation;5G network application;Delays;Servers;Control systems;Cloud computing;Computer architecture;Base stations;Mobile Edge Computing;self-driving vehicles;vehicular networks;5G network application},
    doi={10.1109/NETSOFT.2017.8004199},
    ISSN={},
    month={July},}

@article{Bittmann_Edge,
    title={The Edge Will Eat the Cloud},
    author={T. Bittmann},
    journal={Gartner Research},
    number={G00338633},
    year={2017}
}

@article{Kumar10,
    title={Cloud Computing for Mobile Users: Can Offloading Computation Save Energy?},
    author={K. Kumar and Y.-H. Lu},
    journal={IEEE Computer},
    volume={43},
    number={4},
    pages={51--56},
    year={2010}
}

@inproceedings{Cuervo10,
    author = {E. Cuervo and A. Balasubramanian and D. Cho and A. Wolman and S. Saroiu and R. Chandra and P. Bahl},
    title = {MAUI: Making Smartphones Last Longer with Code Offload},
    booktitle = {Proceedings of the International Conference on Mobile Systems, Applications, and Services},
    series = {ACM MOBISYS'10},
    year = {2010}
}

@inproceedings{Zubaidy15,
    author = {H. Al-Zubaidy and G. Dan and V. Fodor},
    title = {Performance of in-network processing for visual analysis in wireless sensor networks},
    booktitle = {Proceedings of the IFIP Networking Conference},
    series = {IFIP NETWORKING'15},
    year = {2015}
}

@inproceedings{Schiessl17,
    author = {S. Schiessl and H. Al-Zubaidy and M. Skoglund and J. Gross},
    title = {Finite-Length Coding in Edge Computing Scenarios},
    booktitle = {Proceedings of the International Workshop on Smart Antennas},
    series = {ITG WSA '17},
    year = {2017}
}

@INPROCEEDINGS{Ha:ImpactMobile,
    author={K. Ha and P. Pillai and G. Lewis and S. Simanta and S. Clinch and N. Davies and M. Satyanarayanan},
    booktitle={2013 IEEE International Conference on Cloud Engineering (IC2E)},
    title={The Impact of Mobile Multimedia Applications on Data Center Consolidation},
    year={2013},
    volume={},
    number={},
    pages={166-176},
    keywords={cloud computing;computer centres;mobile computing;multimedia computing;power aware computing;battery life;cloud computing;computational power;data center consolidation;design consideration;end-to-end network bandwidth;interaction-intensive multimedia applications;mobile computing;mobile device;mobile multimedia applications;resource-intensive multimedia applications;Cloud computing;Face;Mobile communication;Mobile handsets;Speech;Speech recognition;Time factors;Augmented Reality;Cloud Computing;Cloudlets;Data Center Placement;Face Recognition;Mobile Computing;Network Latency;Object Recognition;Speech Recognition;Virtual Machines;Wireless Networks},
    doi={10.1109/IC2E.2013.17},
    ISSN={},
    month={March},}

@inproceedings{Ha:JITProvisioning,
    author = {K. Ha and P. Pillai and W. Richter and Y. Abe and M. Satyanarayanan},
    title = {Just-in-time Provisioning for Cyber Foraging},
    booktitle = {Proceeding of the 11th Annual International Conference on Mobile Systems, Applications, and Services},
    series = {MobiSys '13},
    year = {2013},
    isbn = {978-1-4503-1672-9},
    location = {Taipei, Taiwan},
    pages = {153--166},
    numpages = {14},
    url = {http://doi.acm.org/10.1145/2462456.2464451},
    doi = {10.1145/2462456.2464451},
    acmid = {2464451},
    publisher = {ACM},
    address = {New York, NY, USA},
    keywords = {Amazon EC2, VM synthesis, Wi-Fi, cloud computing, cloud offload, cloudlet, mobile computing, virtual machine, wireless},
}

@online{docker,
    title = {{Docker}},
    journal = {Docker},
    year = {2018},
    month = {Aug},
    note = {[Online; accessed 14. Aug. 2018]},
    url = {https://www.docker.com}
}

@online{ntp,
    title = {{Network Time Protocol}},
    journal = {Network Time Protocol},
    year = {2018},
    month = {Sep},
    note = {[Online; accessed 24. Sep. 2018]},
    url = {https://www.eecis.udel.edu/~mills/ntp/html/index.html}
}

@online{toml,
    title = {{TOML}},
    journal = {Tom's Obvious, Minimal Language},
    year = {2018},
    month = {Sep},
    note = {[Online; accessed 25. Sep. 2018]},
    url = {https://github.com/toml-lang/tomll}
}

@online{openbci,
    title = {{OpenBCI}},
    journal = {{Open Source Tools for Neuroscience}},
    year = {2020},
    month = {Mar},
    note = {[Online; accessed 20 Mar 2020]},
    url = {https://openbci.com/},
}

@online{openbci:headbandkit,
    title = {{OpenBCI EEG Headband Kit}},
    journal = {{Open Source Tools for Neuroscience}},
    year = {2020},
    month = {Mar},
    note = {[Online; accessed 20 Mar 2020]},
    url = {https://shop.openbci.com/products/openbci-eeg-headband-kit?variant=8120393760782},
}

@online{openbci:ganglion,
    title = {{OpenBCI Ganglion Biosensing Board}},
    journal = {{Open Source Tools for Neuroscience}},
    year = {2020},
    month = {Mar},
    note = {[Online; accessed 20 Mar 2020]},
    url = {https://shop.openbci.com/products/ganglion-board?variant=13461804483},
}

@online{empatica:e4,
    title = {{Empatica E4}},
    journal = {{Empatica}},
    year = {2020},
    month = {Mar},
    note = {[Online; accessed 24 Mar 2020]},
    url = {https://www.empatica.com/research/e4/},
}

@INPROCEEDINGS{kim:2014,
    author={K. Kim and C. Lee and J. H. Jung and W. W. Ro},
    booktitle={2014 IEEE International Symposium on Workload Characterization (IISWC)},
    title={Workload synthesis: Generating benchmark workloads from statistical execution profile},
    year={2014},
    volume={},
    number={},
    pages={120-129},
    keywords={benchmark testing;workload synthesis;benchmark workload generation;statistical execution profile;synthetic workload generation;hardware performance counters;instruction stream inspection;sampling technique;execution time reduction;ARM-based mobile devices;Kernel;Radiation detectors;Benchmark testing;Hardware;Performance evaluation;Vectors;Phasor measurement units},
    doi={10.1109/IISWC.2014.6983051},
    ISSN={},
    month={Oct},}

@ARTICLE{deniz_2015,
    author={E. Deniz and A. Sen and B. Kahne and J. Holt},
    journal={IEEE Transactions on Computers},
    title={MINIME: Pattern-Aware Multicore Benchmark Synthesizer},
    year={2015},
    volume={64},
    number={8},
    pages={2239-2252},
    keywords={multiprocessing systems;multi-threading;software libraries;pattern-aware multicore benchmark synthesizer;automated multicore benchmark synthesis framework;characterization components;generation components;parallel patterns;multithreaded applications;synthetic multicore benchmarks;human-readable;microarchitecture dependent characteristics;microarchitecture independent characteristics;multicore applications;Pthreads;MCA libraries;MINIME tool;PARSEC;Rodinia;EEMBC Multibench benchmarks;x86 platforms;Power Architecture platforms;multicore machines;Benchmark testing;Instruction sets;Multicore processing;Message systems;Libraries;Microarchitecture;Pipelines;Multicore systems;parallel patterns;synthetic benchmarks},
    doi={10.1109/TC.2014.2349522},
    ISSN={0018-9340},
    month={Aug},}

@INPROCEEDINGS{olguin:2018,
  author={M. {Olguín Muñoz} and J. {Wang} and M. {Satyanarayanan} and J. {Gross}},
  booktitle={2018 IEEE/ACM Symposium on Edge Computing (SEC)}, 
  title={Demo: Scaling on the Edge --- A Benchmarking Suite for Human-in-the-Loop Applicationss}, 
  year={2018},
  volume={},
  number={},
  pages={323-325}
}


@inproceedings{olguin:2019,
    author = {M. {Olguín Muñoz} and J. Wang and M. Satyanarayanan and J. Gross},
    title = {EdgeDroid: An Experimental Approach to Benchmarking Human-in-the-Loop Applications},
    year = {2019},
    isbn = {9781450362733},
    publisher = {Association for Computing Machinery},
    address = {New York, NY, USA},
    url = {https://doi.org/10.1145/3301293.3302353},
    doi = {10.1145/3301293.3302353},
    booktitle = {Proceedings of the 20th International Workshop on Mobile Computing Systems and Applications},
    pages = {93–98},
    numpages = {6},
    keywords = {edge computing, benchmarking, cognitive assistance, human-in-the-loop, cloudlet},
    location = {Santa Cruz, CA, USA},
    series = {HotMobile '19}
}


@article{dabrowsky:2011:40years,
    author = {J. Dabrowski and E. V. Munson},
    title = {{40 years of Searching for the Best Computer System Response Time}},
    year = {2011},
    issue_date = {September 2011},
    publisher = {Elsevier Science Inc.},
    address = {USA},
    volume = {23},
    number = {5},
    issn = {0953-5438},
    url = {https://doi.org/10.1016/j.intcom.2011.05.008},
    doi = {10.1016/j.intcom.2011.05.008},
    journal = {Interact. Comput.},
    month = sep,
    pages = {555–564},
    numpages = {10},
    keywords = {Software response latency, Human computer interaction, System response time}
}

@article{eeg1020system:1961,
    title = {The Ten Twenty Electrode System: International Federation of Societies for Electroencephalography and Clinical Neurophysiology},
    journal = {American Journal of EEG Technology},
    volume = {1},
    number = {1},
    pages = {13-19},
    year  = {1961},
    publisher = {Taylor & Francis},
    doi = {10.1080/00029238.1961.11080571},
    URL = {https://doi.org/10.1080/00029238.1961.11080571},
    eprint = {https://doi.org/10.1080/00029238.1961.11080571}
}

@article{witmer1998:itq,
  title={Measuring presence in virtual environments: A presence questionnaire},
  author={B. G. Witmer and M. J. Singer},
  journal={Presence},
  volume={7},
  number={3},
  pages={225--240},
  year={1998},
  publisher={MIT Press}
}

@article{john1999:bfi,
  title={The Big Five trait taxonomy: History, measurement, and theoretical perspectives},
  author={O. P. John and S. Srivastava and others},
  journal={Handbook of personality: Theory and research},
  volume={2},
  number={1999},
  pages={102--138},
  year={1999},
  publisher={Guilford}
}

@inproceedings{khawadi2015:usinggsrtrust,
    author = {A. Khawaji and J. Zhou and F. Chen and N. Marcus},
    title = {{Using Galvanic Skin Response (GSR) to Measure Trust and Cognitive Load in the Text-Chat Environment}},
    year = {2015},
    isbn = {9781450331463},
    publisher = {Association for Computing Machinery},
    address = {New York, NY, USA},
    url = {https://doi-org.focus.lib.kth.se/10.1145/2702613.2732766},
    doi = {10.1145/2702613.2732766},
    booktitle = {Proceedings of the 33rd Annual ACM Conference Extended Abstracts on Human Factors in Computing Systems},
    pages = {1989–1994},
    numpages = {6},
    keywords = {text-based CMC, trust, cognitive load, GSR},
    location = {Seoul, Republic of Korea},
    series = {CHI EA ’15}
}  

@inproceedings{kuikkaniemi2010:biofeedback,
    author = {K. Kuikkaniemi and T. Laitinen and M. Turpeinen and T. Saari and I. Kosunen and N. Ravaja},
    title = {The Influence of Implicit and Explicit Biofeedback in First-Person Shooter Games},
    year = {2010},
    isbn = {9781605589299},
    publisher = {Association for Computing Machinery},
    address = {New York, NY, USA},
    url = {https://doi-org.focus.lib.kth.se/10.1145/1753326.1753453},
    doi = {10.1145/1753326.1753453},
    booktitle = {Proceedings of the SIGCHI Conference on Human Factors in Computing Systems},
    pages = {859–868},
    numpages = {10},
    keywords = {explicit biofeedback, affective computing, biofeedback, playing, games, implicit biofeedback, biosignals},
    location = {Atlanta, Georgia, USA},
    series = {CHI ’10}
}

@inproceedings{solovey2014:classifyingdriverworkload,
    author = {E. T. Solovey and M. Zec and E. A. {Garcia Perez} and B. Reimer and B. Mehler},
    title = {Classifying Driver Workload Using Physiological and Driving Performance Data: Two Field Studies},
    year = {2014},
    isbn = {9781450324731},
    publisher = {Association for Computing Machinery},
    address = {New York, NY, USA},
    url = {https://doi-org.focus.lib.kth.se/10.1145/2556288.2557068},
    doi = {10.1145/2556288.2557068},
    booktitle = {Proceedings of the SIGCHI Conference on Human Factors in Computing Systems},
    pages = {4057–4066},
    numpages = {10},
    keywords = {physiological computing, skin conductance, cognitive workload, driving, machine learning, heart rate},
    location = {Toronto, Ontario, Canada},
    series = {CHI ’14}
}

@article{Feiner1997,
  doi = {10.1007/bf01682023},
  url = {https://doi.org/10.1007/bf01682023},
  year = {1997},
  month = dec,
  publisher = {Springer Science and Business Media {LLC}},
  volume = {1},
  number = {4},
  pages = {208--217},
  author = {S. Feiner and B. MacIntyre and T H\"{o}llerer and A. Webster},
  title = {A touring machine: Prototyping 3D mobile augmented reality systems for exploring the urban environment},
  journal = {Personal Technologies}
}

@article{satya2017emergence,
  title={The emergence of edge computing},
  author={M. Satyanarayanan},
  journal={Computer},
  volume={50},
  number={1},
  pages={30--39},
  year={2017},
  publisher={IEEE}
}

@article{Son2010,
  doi = {10.1007/s12239-010-0065-6},
  url = {https://doi.org/10.1007/s12239-010-0065-6},
  year = {2010},
  month = jul,
  publisher = {Springer Science and Business Media {LLC}},
  volume = {11},
  number = {4},
  pages = {533--539},
  author = {J. Son and B. Reimer and B. Mehler and A. E. Pohlmeyer and K. M. Godfrey and J. Orszulak and J. Long and M. H. Kim and Y. T. Lee and J. F. Coughlin},
  title = {Age and cross-cultural comparison of drivers' cognitive workload and performance in simulated urban driving},
  journal = {International Journal of Automotive Technology}
}

@article{Healey2005,
  doi = {10.1109/tits.2005.848368},
  url = {https://doi.org/10.1109/tits.2005.848368},
  year = {2005},
  month = jun,
  publisher = {Institute of Electrical and Electronics Engineers ({IEEE})},
  volume = {6},
  number = {2},
  pages = {156--166},
  author = {J. A. Healey and R. W. Picard},
  title = {Detecting Stress During Real-World Driving Tasks Using Physiological Sensors},
  journal = {{IEEE} Transactions on Intelligent Transportation Systems}
}

@article{peterson1907psycho,
  title={Psycho-physical investigations with the galvanometer and pneumograph in normal and insane individuals},
  author={F. Peterson and C. G. Jung},
  journal={Brain},
  volume={30},
  pages={153--218},
  year={1907},
  publisher={Macmillan}
}

@article{Antonenko2010,
  doi = {10.1007/s10648-010-9130-y},
  url = {https://doi.org/10.1007/s10648-010-9130-y},
  year = {2010},
  month = apr,
  publisher = {Springer Science and Business Media {LLC}},
  volume = {22},
  number = {4},
  pages = {425--438},
  author = {P. Antonenko and F. Paas and R. Grabner and T. van Gog},
  title = {Using Electroencephalography to Measure Cognitive Load},
  journal = {Educational Psychology Review}
}

@inproceedings{Grimes2008,
  doi = {10.1145/1357054.1357187},
  url = {https://doi.org/10.1145/1357054.1357187},
  year = {2008},
  publisher = {{ACM} Press},
  author = {D. Grimes and D. S. Tan and S. E. Hudson and P. Shenoy and R. P. N. Rao},
  title = {Feasibility and pragmatics of classifying working memory load with an electroencephalograph},
  booktitle = {Proceeding of the twenty-sixth annual {CHI} conference on Human factors in computing systems  - {CHI} {\textquotesingle}08}
}

@article{bruno2016multiple,
  title={Multiple channels of visual time perception},
  author={A. Bruno and G. M. Cicchini},
  journal={Current opinion in behavioral sciences},
  volume={8},
  pages={131--139},
  year={2016},
  publisher={Elsevier}
}

@article{droit2011emotion,
  title={Emotion and time perception: effects of film-induced mood},
  author={S. Droit-Volet and S. L. Fayolle and S. Gil},
  journal={Frontiers in integrative neuroscience},
  volume={5},
  pages={33},
  year={2011},
  publisher={Frontiers}
}

@article{heron2012duration,
  title={Duration channels mediate human time perception},
  author={J. Heron and C. Aaen-Stockdale and J. Hotchkiss and N. W. Roach and P. V. McGraw and D. Whitaker},
  journal={Proceedings of the Royal Society B: Biological Sciences},
  volume={279},
  number={1729},
  pages={690--698},
  year={2012},
  publisher={The Royal Society}
}

@article{hirsh2008delay,
  title={Delay discounting: Interactions between personality and cognitive ability},
  author={J. B. Hirsh and D. Morisano and J. B. Peterson},
  journal={Journal of research in personality},
  volume={42},
  number={6},
  pages={1646--1650},
  year={2008},
  publisher={Elsevier}
}

@article{matthews2011stimulus,
  title={Stimulus repetition and the perception of time: The effects of prior exposure on temporal discrimination, judgment, and production},
  author={W. J. Matthews},
  journal={PLoS one},
  volume={6},
  number={5},
  year={2011},
  publisher={Public Library of Science}
}

@book{nielsen1994usability,
  title={Usability engineering},
  author={J. Nielsen},
  year={1994},
  publisher={Morgan Kaufmann}
}

@book{seow2008designing,
  title={Designing and engineering time: The psychology of time perception in software},
  author={S. C. Seow},
  year={2008},
  publisher={Addison-Wesley Professional}
}

@book{shneiderman2016designing,
  title={Designing the user interface: strategies for effective human-computer interaction},
  author={B. Shneiderman and C. Plaisant and M. Cohen and S. Jacobs and N. Elmqvist and N. Diakopoulos},
  year={2016},
  publisher={Pearson}
}

@article{wiener2011multiple,
  title={Multiple mechanisms for temporal processing},
  author={M. Wiener and M. S. Matell and H. Coslett},
  journal={Frontiers in integrative neuroscience},
  volume={5},
  pages={31},
  year={2011},
  publisher={Frontiers}
}

@incollection{zakay1996role,
  title={The role of attention in time estimation processes},
  author={D. Zakay and R. A. Block},
  booktitle={Advances in psychology},
  volume={115},
  pages={143--164},
  year={1996},
  publisher={Elsevier}
}

@article{zakay1995attentional,
  title={An attentional-gate model of prospective time estimation},
  author={D. Zakay and R. A. Block},
  journal={Time and the dynamic control of behavior},
  pages={167--178},
  year={1995}
}

@inproceedings{ragot2017emotion,
  title={Emotion recognition using physiological signals: laboratory vs. wearable sensors},
  author={M. Ragot and N. Martin and S. Em and N. Pallamin and J. M. Diverrez},
  booktitle={International Conference on Applied Human Factors and Ergonomics},
  pages={15--22},
  year={2017},
  organization={Springer}
}

@inproceedings{mccarthy2016validation,
  title={Validation of the {Empatica E4} wristband},
  author={C. McCarthy and N. Pradhan and C. Redpath and A. Adler},
  booktitle={2016 IEEE EMBS International Student Conference (ISC)},
  pages={1--4},
  year={2016},
  organization={IEEE}
}

@article{agarwal2017eeg,
  title={{EEG signal enhancement using cascaded S-Golay filter}},
  author={S. Agarwal and A. Rani and V. Singh and A. P. Mittal},
  journal={Biomedical Signal Processing and Control},
  volume={36},
  pages={194--204},
  year={2017},
  publisher={Elsevier}
}

@article{savitzky1964smoothing,
  title={Smoothing and differentiation of data by simplified least squares procedures.},
  author={A. Savitzky and M. J. E. Golay},
  journal={Analytical chemistry},
  volume={36},
  number={8},
  pages={1627--1639},
  year={1964},
  publisher={ACS Publications}
}

@inproceedings{boubin2019managing,
  title={Managing edge resources for fully autonomous aerial systems},
  author={J. G. Boubin and N. T. R. Babu and C. Stewart and J. Chumley and S. Zhang},
  booktitle={Proceedings of the 4th ACM/IEEE Symposium on Edge Computing},
  pages={74--87},
  year={2019}
}

@inproceedings{haapalainen2010psycho,
  title={Psycho-physiological measures for assessing cognitive load},
  author={E. Haapalainen and S. Kim and J. F. Forlizzi and A. K. Dey},
  booktitle={Proceedings of the 12th ACM international conference on Ubiquitous computing},
  pages={301--310},
  year={2010}
}

@article{kumar2016measurement,
  title={Measurement of cognitive load in {HCI} systems using {EEG} power spectrum: an experimental study},
  author={N. Kumar and J. Kumar},
  journal={Procedia Computer Science},
  volume={84},
  pages={70--78},
  year={2016},
  publisher={Elsevier}
}

@article{quesnel2018you,
  title={Are you awed yet? How virtual reality gives us awe and goose bumps},
  author={D. Quesnel and B. E. Riecke},
  journal={Frontiers in psychology},
  volume={9},
  pages={2158},
  year={2018},
  publisher={Frontiers}
}

@article{koch2009neural,
  title={Neural networks engaged in milliseconds and seconds time processing: evidence from transcranial magnetic stimulation and patients with cortical or subcortical dysfunction},
  author={G. Koch and M. Oliveri and C. Caltagirone},
  journal={Philosophical Transactions of the Royal Society B: Biological Sciences},
  volume={364},
  number={1525},
  pages={1907--1918},
  year={2009},
  publisher={The Royal Society London}
}

@article{lewis2003distinct,
  title={Distinct systems for automatic and cognitively controlled time measurement: evidence from neuroimaging},
  author={P. A. Lewis and R. C. Miall},
  journal={Current opinion in neurobiology},
  volume={13},
  number={2},
  pages={250--255},
  year={2003},
  publisher={Elsevier}
}

@article{lee2019limiting,
  title={Limiting motor skill knowledge via incidental training protects against choking under pressure},
  author={T. G. Lee and D. E. Acuña and K. P. Kording and S. T. Grafton},
  journal={Psychonomic bulletin \& review},
  volume={26},
  number={1},
  pages={279--290},
  year={2019},
  publisher={Springer}
}

@article{puttemans2005changes,
  title={Changes in brain activation during the acquisition of a multifrequency bimanual coordination task: from the cognitive stage to advanced levels of automaticity},
  author={V. Puttemans and N. Wenderoth and S. P. Swinnen},
  journal={Journal of Neuroscience},
  volume={25},
  number={17},
  pages={4270--4278},
  year={2005},
  publisher={Soc Neuroscience}
}

@article{jeon2015degree,
  title={Degree of automaticity and the prefrontal cortex},
  author={H. Jeon and A. D. Friederici},
  journal={Trends in cognitive sciences},
  volume={19},
  number={5},
  pages={244--250},
  year={2015},
  publisher={Elsevier}
}

@article{chen2000survey,
  title={A survey of context-aware mobile computing research},
  author={G. Chen and D. Kotz},
  journal={Dartmouth Computer Science Technical Report TR2000-381},
  year={2000}
}

@inproceedings{helal2003smart,
  title={Smart phone based cognitive assistant},
  author={S. Helal and C. Giraldo and Y. Kaddoura and C. Lee and H. {El Zabadani} and W. Mann},
  booktitle={UbiHealth 2003: The 2nd International Workshop on Ubiquitous Computing for Pervasive Healthcare Applications},
  year={2003}
}

@inproceedings{bauchet2006pervasive,
  title={A pervasive cognitive assistant for smart homes},
  author={J. Bauchet and D. Vergnes and S. Giroux and H. Pigot}
}

@article{baumeister74tice,
  title={Tice (1998). Ego Depletion: Is the Active Self a Limited Resource},
  author={R. E. Baumeister and E. Bratslavsky and M. Muraven},
  journal={Journal of personality and social psychology},
  volume={74},
  number={5},
  pages={1252}
}

@article{lin2020strong,
  title={Strong effort manipulations reduce response caution: A preregistered reinvention of the ego-depletion paradigm},
  author={H. Lin and B. Saunders and M. Friese and N. J. Evans and M. Inzlicht},
  journal={Psychological science},
  pages={0956797620904990},
  year={2020},
  publisher={SAGE Publications Sage CA: Los Angeles, CA}
}

@article{neves1981knowledge,
  title={Knowledge Compilation: Mechanisms for the},
  author={D. M. Neves and J. R. Anderson},
  journal={Cognitive skills and their acquisition},
  volume={6},
  pages={57},
  year={1981},
  publisher={Psychology Press}
}

@article{pijpers2003anxiety,
  title={Anxiety--performance relationships in climbing: a process-oriented approach},
  author={J. R. R. Pijpers and R. R. D. Oudejans and F. Holsheimer and F. C. Bakker},
  journal={Psychology of sport and exercise},
  volume={4},
  number={3},
  pages={283--304},
  year={2003},
  publisher={Elsevier}
}

@ARTICLE{funk2015caworkplace,
  author={M. {Funk} and A. {Schmidt}},
  journal={IEEE Pervasive Computing}, 
  title={Cognitive Assistance in the Workplace}, 
  year={2015},
  volume={14},
  number={3},
  pages={53-55}
}

@inproceedings{gorecky2011cognito,
  author = {D. Gorecky and S. F. Worgan and G. Meixner},
  title = {{COGNITO: A Cognitive Assistance and Training System for Manual Tasks in Industry}},
  year = {2011},
  isbn = {9781450310291},
  publisher = {Association for Computing Machinery},
  address = {New York, NY, USA},
  url = {https://doi.org/10.1145/2074712.2074723},
  doi = {10.1145/2074712.2074723},
  booktitle = {Proceedings of the 29th Annual European Conference on Cognitive Ergonomics},
  pages = {53-6},
  numpages = {4},
  keywords = {augmented reality, workflow recovering and rendering, user assistance and training system, decision support, cognitive task analysis and modelling},
  location = {Rostock, Germany},
  series = {ECCE '11}
}

@article{Loewenstein1992anomaliesintertemporalchoice,
  author = {G. Loewenstein and D. Prelec},
  title = "{Anomalies in Intertemporal Choice: Evidence and an Interpretation*}",
  journal = {The Quarterly Journal of Economics},
  volume = {107},
  number = {2},
  pages = {573-597},
  year = {1992},
  month = {05},
  abstract = "{Research on decision making under uncertainly has been strongly influenced by the documentation of numerous expected utility (EU) anomalies—behaviors that violate the expected utility axioms. The relative lack of progress on the closely related topic of intertemporal choice is partly due to the absence of an analogous set of discounted utility (DU) anomalies. We enumerate a set of DU anomalies analogous to the EU anomalies and propose a model that accounts for the anomalies, as well as other intertemporal choice phenomena incompatible with DU. We discuss implications for savings behavior, estimation of discount rates, and choice framing effects.}",
  issn = {0033-5533},
  doi = {10.2307/2118482},
  url = {https://doi.org/10.2307/2118482},
  eprint = {https://academic.oup.com/qje/article-pdf/107/2/573/5203125/107-2-573.pdf},
  }
  
@online{IKEAAssistant,
    title = {{IKEA assistant}},
    journal = {Elijah Group at Carnegie Mellon},
    year = {2020},
    month = {Jul},
    note = {[Online; accessed 24. Jul. 2020]},
    url = {https://www.youtube.com/watch?v=vMzTGgQHjpo}
}

@online{PingPongAssistant,
  title = {{Ping Pong assistant}},
  journal = {Elijah Group at Carnegie Mellon},
  year = {2020},
  month = {Jul},
  note = {[Online; accessed 24. Jul. 2020]},
  url = {https://www.youtube.com/watch?v=_lp32sowyUA}
}

@online{GabrielWCA,
  title = {{Gabriel SaaS platform for WCA}},
  journal = {Elijah Group at Carnegie Mellon},
  year = {2020},
  month = {Jul},
  note = {[Online; accessed 28. Aug. 2020]},
  url = {http://elijah.cs.cmu.edu/},
}

@article{satya2019augmenting,
  author  = {M. {Satyanarayanan} and N. {Davies}},
  journal = {Computer},
  title   = {{Augmenting Cognition Through Edge Computing}},
  year    = {2019},
  volume  = {52},
  number  = {7},
  pages   = {37-46},
  doi     = {10.1109/MC.2019.2911878}
}

@article{FUJIKOSHI1993ANOVA,
  title    = {{Two-way ANOVA models with unbalanced data}},
  journal  = {Discrete Mathematics},
  volume   = {116},
  number   = {1},
  pages    = {315 - 334},
  year     = {1993},
  issn     = {0012-365X},
  doi      = {https://doi.org/10.1016/0012-365X(93)90410-U},
  url      = {http://www.sciencedirect.com/science/article/pii/0012365X9390410U},
  author   = {Yasunori Fujikoshi},
  abstract = {The purpose of this paper is to review two-way analysis of variance (ANOVA) problems with fixed effects and unbalanced data. We investigate the definition of main effects and interactions based on certain restrictions, the testing of ANOVA hypotheses, orthogonality in ANOVA, and the tests of product structures for interactions. The emphasis is on differences among ANOVA problems resulting from the restrictions used.}
}