@article{Satya2009Case,
  title     = {The case for vm-based cloudlets in mobile computing},
  author    = {Satyanarayanan, Mahadev and Bahl, Paramvir and Caceres, Ram{\'o}n and Davies, Nigel},
  journal   = {IEEE pervasive Computing},
  volume    = {8},
  number    = {4},
  pages     = {14--23},
  year      = {2009},
  publisher = {IEEE}
}

@inproceedings{Ha2013Impact,
  author    = {K. Ha and P. Pillai and G. Lewis and S. Simanta and S. Clinch and N. Davies and M. Satyanarayanan},
  booktitle = {2013 IEEE International Conference on Cloud Engineering (IC2E)},
  title     = {The Impact of Mobile Multimedia Applications on Data Center Consolidation},
  year      = {2013},
  volume    = {},
  number    = {},
  pages     = {166-176},
  keywords  = {cloud computing;computer centres;mobile computing;multimedia computing;power aware computing;battery life;cloud computing;computational power;data center consolidation;design consideration;end-to-end network bandwidth;interaction-intensive multimedia applications;mobile computing;mobile device;mobile multimedia applications;resource-intensive multimedia applications;Cloud computing;Face;Mobile communication;Mobile handsets;Speech;Speech recognition;Time factors;Augmented Reality;Cloud Computing;Cloudlets;Data Center Placement;Face Recognition;Mobile Computing;Network Latency;Object Recognition;Speech Recognition;Virtual Machines;Wireless Networks},
  doi       = {10.1109/IC2E.2013.17},
  issn      = {},
  month     = {March}
}

@inproceedings{Ha2014Towards,
  author    = {K. Ha and Z. Chen and W. Hu and W. Richter and P. Pillai and M. Satyanarayanan},
  title     = {Towards Wearable Cognitive Assistance},
  booktitle = {Proceedings of the 12th Annual International Conference on Mobile Systems, Applications, and Services},
  series    = {MobiSys '14},
  year      = {2014},
  isbn      = {978-1-4503-2793-0},
  location  = {Bretton Woods, New Hampshire, USA},
  pages     = {68--81},
  numpages  = {14},
  url       = {http://doi.acm.org/10.1145/2594368.2594383},
  doi       = {10.1145/2594368.2594383},
  acmid     = {2594383},
  publisher = {ACM},
  address   = {New York, NY, USA},
  keywords  = {cloud computing, cloud offload, cloudlet, cyber foraging, google glass, mobile computing, virtual machine, wearable computing}
} 

@inproceedings{Chen2015Early,
  author    = {Z. Chen and L Jiang and W. Hu and K. Ha and B. Amos and P. Pillai and A. Hauptmann and M. Satyanarayanan},
  title     = {Early Implementation Experience with Wearable Cognitive Assistance Applications},
  booktitle = {Proceedings of the 2015 Workshop on Wearable Systems and Applications},
  series    = {WearSys '15},
  year      = {2015},
  isbn      = {978-1-4503-3500-3},
  location  = {Florence, Italy},
  pages     = {33--38},
  numpages  = {6},
  url       = {http://doi.acm.org/10.1145/2753509.2753517},
  doi       = {10.1145/2753509.2753517},
  acmid     = {2753517},
  publisher = {ACM},
  address   = {New York, NY, USA},
  keywords  = {cloud computing, cloud offload, cloudlet, cognitive assistance, computer vision, cyber foraging, gabriel, mobile computing, offload shaping, virtual machine, wearable computing}
}

@inproceedings{Suzuki2016Vehicle,
  author    = {N. Suzuki et al.},
  title     = {Vehicle Control System Coordinated Between Cloud and Mobile Edge Computing},
  booktitle = {Proceedings of the Annual Conference of the Society of Instrument and Control Engineers of Japan },
  series    = {SICE '16},
  year      = {2016}
}

@inproceedings{Chen2017Empirical,
  author    = {Z. Chen and W. Hu and J. Wang and S. Zhao and B. Amos and G. Wu and K. Ha and K. Elgazzar and P. Pillai and R. Klatzky and D. Siewiorek and M. Satyanarayanan},
  title     = {An Empirical Study of Latency in an Emerging Class of Edge Computing Applications for Wearable Cognitive Assistance},
  booktitle = {Proceedings of the Second ACM/IEEE Symposium on Edge Computing},
  series    = {SEC '17},
  year      = {2017},
  isbn      = {978-1-4503-5087-7},
  location  = {San Jose, California},
  pages     = {14:1--14:14},
  articleno = {14},
  numpages  = {14},
  url       = {http://doi.acm.org/10.1145/3132211.3134458},
  doi       = {10.1145/3132211.3134458},
  acmid     = {3134458},
  publisher = {ACM},
  address   = {New York, NY, USA},
  keywords  = {augmented reality, cloud computing, cloudlet, edge computing, hololens, mobile computing, smart glass}
}

@article{Flinn2012Cyber,
  title     = {Cyber foraging: Bridging mobile and cloud computing},
  author    = {J. Flinn},
  journal   = {Synthesis Lectures on Mobile and Pervasive Computing},
  volume    = {7},
  number    = {2},
  pages     = {1--103},
  year      = {2012},
  publisher = {Morgan \& Claypool Publishers}
}