@article{satyanarayanan2009case,
  title     = {The case for vm-based cloudlets in mobile computing},
  author    = {Satyanarayanan, Mahadev and Bahl, Paramvir and Caceres, Ram{\'o}n and Davies, Nigel},
  journal   = {IEEE pervasive Computing},
  volume    = {8},
  number    = {4},
  pages     = {14--23},
  year      = {2009},
  publisher = {IEEE}
}
