@inproceedings{Ha:TowardsWearableCogAssist,
  author    = {K. Ha and Z. Chen and W. Hu and W. Richter and P. Pillai and M. Satyanarayanan},
  title     = {Towards Wearable Cognitive Assistance},
  booktitle = {Proceedings of the 12th Annual International Conference on Mobile Systems, Applications, and Services},
  series    = {MobiSys '14},
  year      = {2014},
  isbn      = {978-1-4503-2793-0},
  location  = {Bretton Woods, New Hampshire, USA},
  pages     = {68--81},
  numpages  = {14},
  url       = {http://doi.acm.org/10.1145/2594368.2594383},
  doi       = {10.1145/2594368.2594383},
  acmid     = {2594383},
  publisher = {ACM},
  address   = {New York, NY, USA},
  keywords  = {cloud computing, cloud offload, cloudlet, cyber foraging, google glass, mobile computing, virtual machine, wearable computing}
}

@article{satya2019augmenting,
  author  = {M. {Satyanarayanan} and N. {Davies}},
  journal = {Computer},
  title   = {Augmenting Cognition Through Edge Computing},
  year    = {2019},
  volume  = {52},
  number  = {7},
  pages   = {37-46},
  doi     = {10.1109/MC.2019.2911878}
}

@inproceedings{Chen:AnEmpiricalStudyOfLatency,
  author    = {Z. Chen and W. Hu and J. Wang and S. Zhao and B. Amos and G. Wu and K. Ha and K. Elgazzar and P. Pillai and R. Klatzky and D. Siewiorek and M. Satyanarayanan},
  title     = {An Empirical Study of Latency in an Emerging Class of Edge Computing Applications for Wearable Cognitive Assistance},
  booktitle = {Proceedings of the Second ACM/IEEE Symposium on Edge Computing},
  series    = {SEC '17},
  year      = {2017},
  isbn      = {978-1-4503-5087-7},
  location  = {San Jose, California},
  pages     = {14:1--14:14},
  articleno = {14},
  numpages  = {14},
  url       = {http://doi.acm.org/10.1145/3132211.3134458},
  doi       = {10.1145/3132211.3134458},
  acmid     = {3134458},
  publisher = {ACM},
  address   = {New York, NY, USA},
  keywords  = {augmented reality, cloud computing, cloudlet, edge computing, hololens, mobile computing, smart glass}
}