%%% ====================================================================
%%%  BibTeX-file{
%%%     author          = "Gerry Murray",
%%%     version         = "1.2",
%%%     date            = "2 April 2012",
%%%     filename        = "acmsmall-sample-bibfile.bib",
%%%     address         = "ACM, NY",
%%%     email           = "murray at hq.acm.org",
%%%     codetable       = "ISO/ASCII",
%%%     keywords        = "ACM Reference Format, bibliography, citation, references",
%%%     supported       = "yes",
%%%     docstring       = "This BibTeX database file contains 'bibdata' entries
%%%                        that 'match' the examples provided in the Specifications Document
%%%                        AND, also, 'legacy'-type bibs. It should assist authors in 
%%%                        choosing the 'correct' at-bibtype and necessary bib-fields
%%%                        so as to obtain the appropriate ACM Reference Format output. 
%%%			   It also contains many 'Standard Abbreviations'. "
%%%  }
%%% ====================================================================

% Journals

% First the Full Name is given, then the abbreviation used in the AMS Math
% Reviews, with an indication if it could not be found there.
% Note the 2nd overwrites the 1st, so swap them if you want the full name.

 %{AMS}
 @String{AMSTrans = "American Mathematical Society Translations" }
 @String{AMSTrans = "Amer. Math. Soc. Transl." }
 @String{BullAMS = "Bulletin of the American Mathematical Society" }
 @String{BullAMS = "Bull. Amer. Math. Soc." }
 @String{ProcAMS = "Proceedings of the American Mathematical Society" }
 @String{ProcAMS = "Proc. Amer. Math. Soc." }
 @String{TransAMS = "Transactions of the American Mathematical Society" }
 @String{TransAMS = "Trans. Amer. Math. Soc." }

 %ACM
 @String{CACM = "Communications of the {ACM}" }
 @String{CACM = "Commun. {ACM}" }
 @String{CompServ = "Comput. Surveys" }
 @String{JACM = "J. ACM" }
 @String{ACMMathSoft = "{ACM} Transactions on Mathematical Software" }
 @String{ACMMathSoft = "{ACM} Trans. Math. Software" }
 @String{SIGNUM = "{ACM} {SIGNUM} Newsletter" }
 @String{SIGNUM = "{ACM} {SIGNUM} Newslett." }

 @String{AmerSocio = "American Journal of Sociology" }
 @String{AmerStatAssoc = "Journal of the American Statistical Association" }
 @String{AmerStatAssoc = "J. Amer. Statist. Assoc." }
 @String{ApplMathComp = "Applied Mathematics and Computation" }
 @String{ApplMathComp = "Appl. Math. Comput." }
 @String{AmerMathMonthly = "American Mathematical Monthly" }
 @String{AmerMathMonthly = "Amer. Math. Monthly" }
 @String{BIT = "{BIT}" }
 @String{BritStatPsych = "British Journal of Mathematical and Statistical
          Psychology" }
 @String{BritStatPsych = "Brit. J. Math. Statist. Psych." }
 @String{CanMathBull = "Canadian Mathematical Bulletin" }
 @String{CanMathBull = "Canad. Math. Bull." }
 @String{CompApplMath = "Journal of Computational and Applied Mathematics" }
 @String{CompApplMath = "J. Comput. Appl. Math." }
 @String{CompPhys = "Journal of Computational Physics" }
 @String{CompPhys = "J. Comput. Phys." }
 @String{CompStruct = "Computers and Structures" }
 @String{CompStruct = "Comput. \& Structures" }
 @String{CompJour = "The Computer Journal" }
 @String{CompJour = "Comput. J." }
 @String{CompSysSci = "Journal of Computer and System Sciences" }
 @String{CompSysSci = "J. Comput. System Sci." }
 @String{Computing = "Computing" }
 @String{ContempMath = "Contemporary Mathematics" }
 @String{ContempMath = "Contemp. Math." }
 @String{Crelle = "Crelle's Journal" }
 @String{GiornaleMath = "Giornale di Mathematiche" }
 @String{GiornaleMath = "Giorn. Mat." } % didn't find in AMS MR., ibid.

 %IEEE
 @String{Computer = "{IEEE} Computer" }
 @String{IEEETransComp = "{IEEE} Transactions on Computers" }
 @String{IEEETransComp = "{IEEE} Trans. Comput." }
 @String{IEEETransAC = "{IEEE} Transactions on Automatic Control" }
 @String{IEEETransAC = "{IEEE} Trans. Automat. Control" }
 @String{IEEESpec = "{IEEE} Spectrum" } % didn't find in AMS MR
 @String{ProcIEEE = "Proceedings of the {IEEE}" }
 @String{ProcIEEE = "Proc. {IEEE}" } % didn't find in AMS MR
 @String{IEEETransAeroElec = "{IEEE} Transactions on Aerospace and Electronic
     Systems" }
 @String{IEEETransAeroElec = "{IEEE} Trans. Aerospace Electron. Systems" }

 @String{IMANumerAna = "{IMA} Journal of Numerical Analysis" }
 @String{IMANumerAna = "{IMA} J. Numer. Anal." }
 @String{InfProcLet = "Information Processing Letters" }
 @String{InfProcLet = "Inform. Process. Lett." }
 @String{InstMathApp = "Journal of the Institute of Mathematics and
     its Applications" }
 @String{InstMathApp = "J. Inst. Math. Appl." }
 @String{IntControl = "International Journal of Control" }
 @String{IntControl = "Internat. J. Control" }
 @String{IntNumerEng = "International Journal for Numerical Methods in
     Engineering" }
 @String{IntNumerEng = "Internat. J. Numer. Methods Engrg." }
 @String{IntSuper = "International Journal of Supercomputing Applications" }
 @String{IntSuper = "Internat. J. Supercomputing Applic." } % didn't find
%% in AMS MR
 @String{Kibernetika = "Kibernetika" }
 @String{JResNatBurStand = "Journal of Research of the National Bureau
     of Standards" }
 @String{JResNatBurStand = "J. Res. Nat. Bur. Standards" }
 @String{LinAlgApp = "Linear Algebra and its Applications" }
 @String{LinAlgApp = "Linear Algebra Appl." }
 @String{MathAnaAppl = "Journal of Mathematical Analysis and Applications" }
 @String{MathAnaAppl = "J. Math. Anal. Appl." }
 @String{MathAnnalen = "Mathematische Annalen" }
 @String{MathAnnalen = "Math. Ann." }
 @String{MathPhys = "Journal of Mathematical Physics" }
 @String{MathPhys = "J. Math. Phys." }
 @String{MathComp = "Mathematics of Computation" }
 @String{MathComp = "Math. Comp." }
 @String{MathScand = "Mathematica Scandinavica" }
 @String{MathScand = "Math. Scand." }
 @String{TablesAidsComp = "Mathematical Tables and Other Aids to Computation" }
 @String{TablesAidsComp = "Math. Tables Aids Comput." }
 @String{NumerMath = "Numerische Mathematik" }
 @String{NumerMath = "Numer. Math." }
 @String{PacificMath = "Pacific Journal of Mathematics" }
 @String{PacificMath = "Pacific J. Math." }
 @String{ParDistComp = "Journal of Parallel and Distributed Computing" }
 @String{ParDistComp = "J. Parallel and Distrib. Comput." } % didn't find
%% in AMS MR
 @String{ParComputing = "Parallel Computing" }
 @String{ParComputing = "Parallel Comput." }
 @String{PhilMag = "Philosophical Magazine" }
 @String{PhilMag = "Philos. Mag." }
 @String{ProcNAS = "Proceedings of the National Academy of Sciences
                    of the USA" }
 @String{ProcNAS = "Proc. Nat. Acad. Sci. U. S. A." }
 @String{Psychometrika = "Psychometrika" }
 @String{QuartMath = "Quarterly Journal of Mathematics, Oxford, Series (2)" }
 @String{QuartMath = "Quart. J. Math. Oxford Ser. (2)" }
 @String{QuartApplMath = "Quarterly of Applied Mathematics" }
 @String{QuartApplMath = "Quart. Appl. Math." }
 @String{RevueInstStat = "Review of the International Statisical Institute" }
 @String{RevueInstStat = "Rev. Inst. Internat. Statist." }

 %SIAM
 @String{JSIAM = "Journal of the Society for Industrial and Applied
     Mathematics" }
 @String{JSIAM = "J. Soc. Indust. Appl. Math." }
 @String{JSIAMB = "Journal of the Society for Industrial and Applied
     Mathematics, Series B, Numerical Analysis" }
 @String{JSIAMB = "J. Soc. Indust. Appl. Math. Ser. B Numer. Anal." }
 @String{SIAMAlgMeth = "{SIAM} Journal on Algebraic and Discrete Methods" }
 @String{SIAMAlgMeth = "{SIAM} J. Algebraic Discrete Methods" }
 @String{SIAMAppMath = "{SIAM} Journal on Applied Mathematics" }
 @String{SIAMAppMath = "{SIAM} J. Appl. Math." }
 @String{SIAMComp = "{SIAM} Journal on Computing" }
 @String{SIAMComp = "{SIAM} J. Comput." }
 @String{SIAMMatrix = "{SIAM} Journal on Matrix Analysis and Applications" }
 @String{SIAMMatrix = "{SIAM} J. Matrix Anal. Appl." }
 @String{SIAMNumAnal = "{SIAM} Journal on Numerical Analysis" }
 @String{SIAMNumAnal = "{SIAM} J. Numer. Anal." }
 @String{SIAMReview = "{SIAM} Review" }
 @String{SIAMReview = "{SIAM} Rev." }
 @String{SIAMSciStat = "{SIAM} Journal on Scientific and Statistical
     Computing" }
 @String{SIAMSciStat = "{SIAM} J. Sci. Statist. Comput." }

 @String{SoftPracExp = "Software Practice and Experience" }
 @String{SoftPracExp = "Software Prac. Experience" } % didn't find in AMS MR
 @String{StatScience = "Statistical Science" }
 @String{StatScience = "Statist. Sci." }
 @String{Techno = "Technometrics" }
 @String{USSRCompMathPhys = "{USSR} Computational Mathematics and Mathematical
     Physics" }
 @String{USSRCompMathPhys = "{U. S. S. R.} Comput. Math. and Math. Phys." }
 @String{VLSICompSys = "Journal of {VLSI} and Computer Systems" }
 @String{VLSICompSys = "J. {VLSI} Comput. Syst." }
 @String{ZAngewMathMech = "Zeitschrift fur Angewandte Mathematik und
     Mechanik" }
 @String{ZAngewMathMech = "Z. Angew. Math. Mech." }
 @String{ZAngewMathPhys = "Zeitschrift fur Angewandte Mathematik und Physik" }
 @String{ZAngewMathPhys = "Z. Angew. Math. Phys." }

% Publishers % ================================================= |

 @String{Academic = "Academic Press" }
 @String{ACMPress = "{ACM} Press" }
 @String{AdamHilger = "Adam Hilger" }
 @String{AddisonWesley = "Addison-Wesley" }
 @String{AllynBacon = "Allyn and Bacon" }
 @String{AMS = "American Mathematical Society" }
 @String{Birkhauser = "Birkha{\"u}ser" }
 @String{CambridgePress = "Cambridge University Press" }
 @String{Chelsea = "Chelsea" }
 @String{ClaredonPress = "Claredon Press" }
 @String{DoverPub = "Dover Publications" }
 @String{Eyolles = "Eyolles" }
 @String{HoltRinehartWinston = "Holt, Rinehart and Winston" }
 @String{Interscience = "Interscience" }
 @String{JohnsHopkinsPress = "The Johns Hopkins University Press" }
 @String{JohnWileySons = "John Wiley and Sons" }
 @String{Macmillan = "Macmillan" }
 @String{MathWorks = "The Math Works Inc." }
 @String{McGrawHill = "McGraw-Hill" }
 @String{NatBurStd = "National Bureau of Standards" }
 @String{NorthHolland = "North-Holland" }
 @String{OxfordPress = "Oxford University Press" }  %address Oxford or London?
 @String{PergamonPress = "Pergamon Press" }
 @String{PlenumPress = "Plenum Press" }
 @String{PrenticeHall = "Prentice-Hall" }
 @String{SIAMPub = "{SIAM} Publications" }
 @String{Springer = "Springer-Verlag" }
 @String{TexasPress = "University of Texas Press" }
 @String{VanNostrand = "Van Nostrand" }
 @String{WHFreeman = "W. H. Freeman and Co." }

% ENTRIES:

@inproceedings{Ha:TowardsWearableCogAssist,
 author = {K. Ha and Z. Chen and W. Hu and W. Richter and P. Pillai and M. Satyanarayanan},
 title = {Towards Wearable Cognitive Assistance},
 booktitle = {Proceedings of the 12th Annual International Conference on Mobile Systems, Applications, and Services},
 series = {MobiSys '14},
 year = {2014},
 isbn = {978-1-4503-2793-0},
 location = {Bretton Woods, New Hampshire, USA},
 pages = {68--81},
 numpages = {14},
 url = {http://doi.acm.org/10.1145/2594368.2594383},
 doi = {10.1145/2594368.2594383},
 acmid = {2594383},
 publisher = {ACM},
 address = {New York, NY, USA},
 keywords = {cloud computing, cloud offload, cloudlet, cyber foraging, google glass, mobile computing, virtual machine, wearable computing},
} 

@inproceedings{Chen:EarlyImplementation,
 author = {Z. Chen and L Jiang and W. Hu and K. Ha and B. Amos and P. Pillai and A. Hauptmann and M. Satyanarayanan},
 title = {Early Implementation Experience with Wearable Cognitive Assistance Applications},
 booktitle = {Proceedings of the 2015 Workshop on Wearable Systems and Applications},
 series = {WearSys '15},
 year = {2015},
 isbn = {978-1-4503-3500-3},
 location = {Florence, Italy},
 pages = {33--38},
 numpages = {6},
 url = {http://doi.acm.org/10.1145/2753509.2753517},
 doi = {10.1145/2753509.2753517},
 acmid = {2753517},
 publisher = {ACM},
 address = {New York, NY, USA},
 keywords = {cloud computing, cloud offload, cloudlet, cognitive assistance, computer vision, cyber foraging, gabriel, mobile computing, offload shaping, virtual machine, wearable computing},
} 



@inproceedings{Chen:AnEmpiricalStudyOfLatency,
 author = {Z. Chen and W. Hu and J. Wang and S. Zhao and B. Amos and G. Wu and K. Ha and K. Elgazzar and P. Pillai and R. Klatzky and D. Siewiorek and M. Satyanarayanan},
 title = {An Empirical Study of Latency in an Emerging Class of Edge Computing Applications for Wearable Cognitive Assistance},
 booktitle = {Proceedings of the Second ACM/IEEE Symposium on Edge Computing},
 series = {SEC '17},
 year = {2017},
 isbn = {978-1-4503-5087-7},
 location = {San Jose, California},
 pages = {14:1--14:14},
 articleno = {14},
 numpages = {14},
 url = {http://doi.acm.org/10.1145/3132211.3134458},
 doi = {10.1145/3132211.3134458},
 acmid = {3134458},
 publisher = {ACM},
 address = {New York, NY, USA},
 keywords = {augmented reality, cloud computing, cloudlet, edge computing, hololens, mobile computing, smart glass},
}

@article{satya2009case,
  title={The case for vm-based cloudlets in mobile computing},
  author={M. Satyanarayanan and P. Bahl and R. Caceres and N. Davies},
  journal={IEEE Pervasive Computing},
  volume={8},
  number={4},
  year={2009},
  publisher={IEEE}
}

@article{flinn2012cyber,
  title={Cyber foraging: Bridging mobile and cloud computing},
  author={J. Flinn},
  journal={Synthesis Lectures on Mobile and Pervasive Computing},
  volume={7},
  number={2},
  pages={1--103},
  year={2012},
  publisher={Morgan \& Claypool Publishers}
}

@inproceedings{Chatzopoulos:Hyperion,
 author = {D. Chatzopoulos and C. Bermejo and Z. Huang and A. Butabayeva and R. Zheng and M. Golkarifard and P. Hui},
 title = {Hyperion: A Wearable Augmented Reality System for Text Extraction and Manipulation in the Air},
 booktitle = {Proceedings of the 8th ACM on Multimedia Systems Conference},
 series = {MMSys'17},
 year = {2017},
 isbn = {978-1-4503-5002-0},
 location = {Taipei, Taiwan},
 pages = {284--295},
 numpages = {12},
 url = {http://doi.acm.org/10.1145/3083187.3084017},
 doi = {10.1145/3083187.3084017},
 acmid = {3084017},
 publisher = {ACM},
 address = {New York, NY, USA},
 keywords = {AR, Google Glass, WAR, offloading, smart-glass, wearable},
} 

@INPROCEEDINGS{Sasaki:2016,
    author={K. Sasaki and N. Suzuki and S. Makido and A. Nakao},
    booktitle={2016 55th Annual Conference of the Society of Instrument and Control Engineers of Japan (SICE)},
    title={Vehicle control system coordinated between cloud and mobile edge computing},
    year={2016},
    volume={},
    number={},
    pages={1122-1127},
    keywords={automobiles;cloud computing;control engineering computing;intelligent transportation systems;mobile computing;resource allocation;road accidents;road safety;stability;trajectory control;cloud computing;mobile edge computing;autonomous driving;cloud-based vehicle control system;MEC;ITS;next generation mobile network;edge servers;data processing;computational resource allocation;dynamic resource allocation;infrastructure-based vehicle control system;cloud servers;safe driving;microcars;stability;latency fluctuation;car accidents;driving trajectory;intelligent transportation system;Vehicles;Servers;Cloud computing;Trajectory;Sensors;Mobile communication;Autonomous Driving;Network Virtualization;Mobile-Edge Computing},
    doi={10.1109/SICE.2016.7749210},
    ISSN={},
    month={Sept},}

@INPROCEEDINGS{Sasaki:2017,
    author={K. Sasaki and N. Suzuki and S. Makido and A. Nakao},
    booktitle={2017 IEEE Conference on Network Softwarization (NetSoft)},
    title={Layered vehicle control system coordinated between multiple edge servers},
    year={2017},
    volume={},
    number={},
    pages={1-5},
    keywords={5G mobile communication;cloud computing;control engineering computing;mobile computing;network servers;road vehicles;stability;telecontrol;layered vehicle control system;multiple edge servers;remote vehicle control;mobile edge computing;MEC;vehicle control performance;cloud servers;computational resource suppression;Internet;layered vehicle control architecture;upper edge server;lower edge server;UpES;LowES;network delay;Japanese network model;vehicle control stability evaluation;5G network application;Delays;Servers;Control systems;Cloud computing;Computer architecture;Base stations;Mobile Edge Computing;self-driving vehicles;vehicular networks;5G network application},
    doi={10.1109/NETSOFT.2017.8004199},
    ISSN={},
    month={July},}

@article{Bittmann_Edge,
  title={The Edge Will Eat the Cloud},
  author={T. Bittmann},
  journal={Gartner Research},
  number={G00338633},
  year={2017}
}

@article{Kumar10,
  title={Cloud Computing for Mobile Users: Can Offloading Computation Save Energy?},
  author={K. Kumar and Y.-H. Lu},
  journal={IEEE Computer},
  volume={43},
  number={4},
  pages={51--56},
  year={2010}
}

@inproceedings{Cuervo10,
 author = {E. Cuervo and A. Balasubramanian and D. Cho and A. Wolman and S. Saroiu and R. Chandra and P. Bahl},
 title = {MAUI: Making Smartphones Last Longer with Code Offload},
 booktitle = {Proceedings of the International Conference on Mobile Systems, Applications, and Services},
 series = {ACM MOBISYS'10},
 year = {2010}
}

@inproceedings{Zubaidy15,
 author = {H. Al-Zubaidy and G. Dan and V. Fodor},
 title = {Performance of in-network processing for visual analysis in wireless sensor networks},
 booktitle = {Proceedings of the IFIP Networking Conference},
 series = {IFIP NETWORKING'15},
 year = {2015}
}

@inproceedings{Schiessl17,
 author = {S. Schiessl and H. Al-Zubaidy and M. Skoglund and J. Gross},
 title = {Finite-Length Coding in Edge Computing Scenarios},
 booktitle = {Proceedings of the International Workshop on Smart Antennas},
 series = {ITG WSA '17},
 year = {2017}
}

@INPROCEEDINGS{Ha:ImpactMobile,
author={K. Ha and P. Pillai and G. Lewis and S. Simanta and S. Clinch and N. Davies and M. Satyanarayanan},
booktitle={2013 IEEE International Conference on Cloud Engineering (IC2E)},
title={The Impact of Mobile Multimedia Applications on Data Center Consolidation},
year={2013},
volume={},
number={},
pages={166-176},
keywords={cloud computing;computer centres;mobile computing;multimedia computing;power aware computing;battery life;cloud computing;computational power;data center consolidation;design consideration;end-to-end network bandwidth;interaction-intensive multimedia applications;mobile computing;mobile device;mobile multimedia applications;resource-intensive multimedia applications;Cloud computing;Face;Mobile communication;Mobile handsets;Speech;Speech recognition;Time factors;Augmented Reality;Cloud Computing;Cloudlets;Data Center Placement;Face Recognition;Mobile Computing;Network Latency;Object Recognition;Speech Recognition;Virtual Machines;Wireless Networks},
doi={10.1109/IC2E.2013.17},
ISSN={},
month={March},}

@inproceedings{Ha:JITProvisioning,
 author = {K. Ha and P. Pillai and W. Richter and Y. Abe and M. Satyanarayanan},
 title = {Just-in-time Provisioning for Cyber Foraging},
 booktitle = {Proceeding of the 11th Annual International Conference on Mobile Systems, Applications, and Services},
 series = {MobiSys '13},
 year = {2013},
 isbn = {978-1-4503-1672-9},
 location = {Taipei, Taiwan},
 pages = {153--166},
 numpages = {14},
 url = {http://doi.acm.org/10.1145/2462456.2464451},
 doi = {10.1145/2462456.2464451},
 acmid = {2464451},
 publisher = {ACM},
 address = {New York, NY, USA},
 keywords = {Amazon EC2, VM synthesis, Wi-Fi, cloud computing, cloud offload, cloudlet, mobile computing, virtual machine, wireless},
} 

@online{docker,
	title = {{Docker}},
	journal = {Docker},
	year = {2018},
	month = {Aug},
	note = {[Online; accessed 14. Aug. 2018]},
	url = {https://www.docker.com}
}

@online{ntp,
    title = {{Network Time Protocol}},
    journal = {Network Time Protocol},
    year = {2018},
    month = {Sep},
    note = {[Online; accessed 24. Sep. 2018]},
    url = {https://www.eecis.udel.edu/~mills/ntp/html/index.html}
}

@online{toml,
    title = {{TOML}},
    journal = {Tom's Obvious, Minimal Language},
    year = {2018},
    month = {Sep},
    note = {[Online; accessed 25. Sep. 2018]},
    url = {https://github.com/toml-lang/tomll}
}

@INPROCEEDINGS{kim:2014,
    author={K. Kim and C. Lee and J. H. Jung and W. W. Ro},
    booktitle={2014 IEEE International Symposium on Workload Characterization (IISWC)},
    title={Workload synthesis: Generating benchmark workloads from statistical execution profile},
    year={2014},
    volume={},
    number={},
    pages={120-129},
    keywords={benchmark testing;workload synthesis;benchmark workload generation;statistical execution profile;synthetic workload generation;hardware performance counters;instruction stream inspection;sampling technique;execution time reduction;ARM-based mobile devices;Kernel;Radiation detectors;Benchmark testing;Hardware;Performance evaluation;Vectors;Phasor measurement units},
    doi={10.1109/IISWC.2014.6983051},
    ISSN={},
    month={Oct},}

@ARTICLE{deniz_2015,
    author={E. Deniz and A. Sen and B. Kahne and J. Holt},
    journal={IEEE Transactions on Computers},
    title={MINIME: Pattern-Aware Multicore Benchmark Synthesizer},
    year={2015},
    volume={64},
    number={8},
    pages={2239-2252},
    keywords={multiprocessing systems;multi-threading;software libraries;pattern-aware multicore benchmark synthesizer;automated multicore benchmark synthesis framework;characterization components;generation components;parallel patterns;multithreaded applications;synthetic multicore benchmarks;human-readable;microarchitecture dependent characteristics;microarchitecture independent characteristics;multicore applications;Pthreads;MCA libraries;MINIME tool;PARSEC;Rodinia;EEMBC Multibench benchmarks;x86 platforms;Power Architecture platforms;multicore machines;Benchmark testing;Instruction sets;Multicore processing;Message systems;Libraries;Microarchitecture;Pipelines;Multicore systems;parallel patterns;synthetic benchmarks},
    doi={10.1109/TC.2014.2349522},
    ISSN={0018-9340},
    month={Aug},}

@inproceedings{olguin:2018,
    author = {M. Olguín and J. Wang and M. Satyanarayanan and J. Gross},
    booktitle = {Proceedings of The Third ACM/IEEE Symposium on Edge Computing},
    series = {SEC '18},
    title = {{Demo: Scaling on the Edge -- A Benchmarking Suite for Human-in-the-Loop Applications}},
    year = {2018},
    month = {Oct},
    note = {Accepted Submission, Extended Abstract},
    url = {https://olguin.se/files/demo-scaling-edge.pdf}
}