@mastersthesis{olguinmunoz2017thesis,
  type    = {Engineer's Degree Thesis},
  genre   = {Engineer's Degree Thesis},
  school  = {Universidad de Chile},
  address = {Santiago, Chile},
  author  = {{Olguín Muñoz}, Manuel},
  advisor = {Céspedes Umaña, Sandra},
  title   = {Diseño e Implementación de un Framework Integrado para Simulaciones de Sistemas Inteligentes de Transporte en {OMNeT++} y {Paramics}},
  year    = {2017},
  url     = {http://repositorio.uchile.cl/handle/2250/147392}
}

@INPROCEEDINGS{olguinmunoz2018demoscaling,
    author={{Olguín Muñoz}, Manuel and Wang, Junjue and Satyanarayanan, Mahadev and Gross, James},
    booktitle={Proceedings of the 2018 IEEE/ACM Symposium on Edge Computing},
    title={Demo: Scaling on the Edge - A Benchmarking Suite for Human-in-the-Loop Applications},
    year={2018},
    series={SEC '18},
    volume={},
    number={},
    pages={323-325},
    publisher={IEEE},
    keywords={Benchmark testing;Edge computing;Task analysis;Tools;Cloud computing;Measurement;Computer architecture;Human-in-the-Loop, Edge Computing, Cognitive Assistance, Performance Evaluation, Scaling of Distributed Systems},
    doi={10.1109/SEC.2018.00031},
    url={https://ieeexplore.ieee.org/document/8567676},
    ISSN={},
    month={Oct},
    shorthand={A},
}

@inproceedings{olguinmunoz2019edgedroid,
 author = {{Olguín Muñoz}, Manuel and Wang, Junjue and Satyanarayanan, Mahadev and Gross, James},
 title = {{EdgeDroid}: An Experimental Approach to Benchmarking Human-in-the-Loop Applications},
 booktitle = {Proceedings of the 20th International Workshop on Mobile Computing Systems and Applications},
 series = {HotMobile '19},
 year = {2019},
 isbn = {978-1-4503-6273-3},
 location = {Santa Cruz, CA, USA},
 pages = {93--98},
 numpages = {6},
 url = {http://doi.acm.org/10.1145/3301293.3302353},
 doi = {10.1145/3301293.3302353},
 acmid = {3302353},
 publisher = {ACM},
 address = {New York, NY, USA},
 keywords = {benchmarking, cloudlet, cognitive assistance, edge computing, human-in-the-loop},
 shorthand={B},
}

@article{olguinmunoz2021impact,
    author = {{Olguín Muñoz}, Manuel and Klatzky, Roberta and Wang, Junjue and Pillai, Padmanabhan and Satyanarayanan, Mahadev and Gross, James},
    journal = {PLOS ONE},
    publisher = {Public Library of Science},
    title = {Impact of Delayed Response on Wearable Cognitive Assistance},
    year = {2021},
    month = {03},
    volume = {16},
    url = {https://doi.org/10.1371/journal.pone.0248690},
    pages = {1-25},
    number = {3},
    doi = {10.1371/journal.pone.0248690},
    shorthand={C},
}

@inproceedings{olguinmunoz2022cleave,
  author    = {{Olguín Muñoz}, Manuel and Roy, Neelabhro and Gross, James},
  title     = {{CLEAVE}: Scalable and Edge-Native Benchmarking of Networked Control Systems},
  year      = {2022},
  isbn      = {9781450392532},
  publisher = {ACM},
  address   = {New York, NY, USA},
  url       = {https://doi.org/10.1145/3517206.3526272},
  doi       = {10.1145/3517206.3526272},
  booktitle = {Proceedings of the 5th International Workshop on Edge Systems, Analytics and Networking},
  pages     = {37-42},
  numpages  = {6},
  location  = {Rennes, France},
  series    = {EdgeSys '22},
  shorthand = {D},
}

@inproceedings{olguinmunoz2022ainur,
  author          = {Olguín Muñoz, Manuel and Mostafavi, S. Samie and Moothedath, Vishnu N. and Gross, James},
  booktitle       = {European Wireless 2022; 27th European Wireless Conference},
  series          = {EW '22},
  publisher       = {IEEE},
  title           = {{Ainur}: A Framework for Repeatable End-to-End Wireless Edge Computing Testbed Research},
  year            = {2022},
  pubstate        = {forthcoming},
  shorthand       = {E},
}

@misc{olguinmunoz2023realistic,
  title         = {Realistic Modeling of Human Timings for Wearable Cognitive Assistance},
  author        = {Manuel {Olguín Muñoz} and Vishnu N. Moothedath and {Jaya Prakash} Champati and Roberta Klatzky and Mahadev Satyanarayanan and James Gross},
  year          = {2022},
  eprint        = {2212.06100},
  archiveprefix = {arXiv},
  primaryclass  = {cs.HC},
  pubstate = {preprint},
  note = {article submitted to IEEE Transactions on Mobile Computing},
  shorthand = {F}
}